@MISC{bStan07,
author = "Birchfield, S.",
title = "KLT: An Implementation of the Kanade-Lucas-Tomasi Feature Tracker",
version = "1.3.3",
howpublished = "Website",
note = "\url{http://www.ces.clemson.edu/~stb/klt/}",
year = 2007
}
@UNPUBLISHED{sBirchfield97,
	author = "Birchfield, S.",
	title = "Derivation of the {Kanade-Lucas-Tomasi} Tracking Equation",
	year = 1997,
	month = jan,
	note = "Adobe PDF document, 2~pages"
}
@ARTICLE{jShi94,
	author = "Shi, J. and Tomasi, C.",
	title = "Good Features to Track",
	journal = "IEEE Conference on Computer Vision and Pattern Recognition",
	pages = "1-10",
	year = "1994"
}
@ARTICLE{cTomasi91,
author = "Tomasi, C. and Kanada, T.",
title = "Detection and Tracking of Point Features",
journal = "Carnegie Mellon University Technical Report CMU-CS-91-132", 
pages = "1-10",
year = "1991"
}
@ARTICLE{bLucas81,
	author = "Lucas, B. D. and Kanade, T.",
	title = "An iterative image registration technique with an application to stereo vision",
	journal = "International Joint Conference on Artificial Intelligence",
	pages = "674-679",
	year = 1981
}
@ARTICLE{jMatas03,
author = "Matas, J. and Bilek, P. and Chum, O. ",
title = "Rotational Invariants for Wide-baseline Stereo",
journal = "Research Report of CMP", 
pages = "1",
year = "2003"
}
@ARTICLE{hLing05,
author = "Ling, H. and Jacobs, D. ",
title = "Deformation Invariant Image Matching",
journal = "IEEE International Conference on Computer Vision",
volume = 2,
pages = "1466-1473",
year = 2005
}
@ARTICLE{tTuytelaars00,
author = "Tuytelaars, T. and Van Gool, L. ",
title = "Wide Baseline Stereo based on Local, Affinely invariant Regions",
journal = "British Machine Vision Conference", 
pages = "412-422", 
year = 2000
}
@ARTICLE{cHarris88,
author = "Harris, C. and Stephens, M. J. ",
title = "A combined corner and edge detector",
journal = "In Alvey Vision Conference",
pages = "147-152",
year = 1988
}
@ARTICLE{hMoravec79,
author = "Moravec, H. P.",
title = "Visual Mapping by a Robot Rover",
journal = "International Joint Conference on Artificial Intelligence", 
pages = "598-600", 
year = 1979
}
@ARTICLE{dLowe99,
author = "Lowe, D. G. ",
title = "Object recognition from local scale-invariant features",
journal = "In Inernational Conference on Computer Vision",
pages = "1150-1157",
year = 1999
}
@ARTICLE{dLowe01,
author = "Lowe, D. G. ",
title = "Local feature view clustering for 3D object recgnition",
journal = "IEEE Conference on Computer Vision an Pattern Recognition",
pages = "682-688",
year = 2001
}
@ARTICLE{dLowe04,
	author = "Lowe, D. G. ",
	title = "Distinctive image features from scale-invariant keypoints",
	journal = "International Journal of Computer Vision",
	volume = 60,
	number = 2,
	pages = "91-110",
	year = 2004
}
@ARTICLE{pBurt83,
	author = "Burt, P. J. AND Adelson, E. H. ",
	title = "The laplacian pyramid as a compact image code",
	journal = "IEEE Transactions on Communications",
	volume = "COM-31",
	number = "4",
	pages = "532-540",
	year = "1983"
}
@MISC{Hotel97,
	author = "CMU Vision and Autonomous Systems Center. ",
	title = "CMU VASC Image Database: hotel",
	howpublished = "Website",
	note = "\url{http://vasc.ri.cmu.edu/idb/html/motion/hotel/}",
	year = 1997
}
@MISC{dLowe05,
author = "Lowe, D. G. ",
title = "Demo Software: SIFT Keypoint Detector",
howpublished = "Website",
note = "\url{http://www.cs.ubc.ca/~lowe/keypoints/}",
year = 2005
}
@ARTICLE{mBrown03,
	author = "Brown, M. AND Lowe, D. ",
	title = "Recognising Panoramas",
	journal = "In Proceedings of IEEE International Conference on Computer Vision",
	number = "4",
	pages = "1",
	year = "2003"
}
@MISC{mBrown07,
author = "Brown, M. ",
title = "Autostitch: a new dimension in automatic image stitching",
note = "\url{http://www.cs.ubc.ca/~mbrown/}",
howpublished = "Website",
year = 2007
}

%\bibitem{SIFT}David G. Lowe, "Distinctive image features from scale-invariant keypoints," \textit{International Journal of %Computer Vision,} 60, 2 (2004), pp. 91-110.
%\bibitem{Pyramid} P. J. Burt and E. H. Adelson. "The laplacian pyramid as a compact image code," \textit{IEEE Transactions on %Communications}, COM-31(4):532-540, 1983.

%\bibitem{Panorama} M. Brown and D. Lowe. "Recognising panoramas," \textit{In Proceedings of IEEE International Conference on %Computer Vision}. IEEE Computer Society, 2003. 64
%\bibitem{TechnicalReport} H. Shum and R. Szeliski, "Panoramic Image Mosaics," Tech. Rep. MSR-TR-97-23, Microsoft Research, %1997.
%\bibitem{PyramidMosaic} P. J. Burt and E. H. Adelson. "A multiresolution spline with application to image mosaics," %\textit{ACM Transactions on Graphics}, 2(4):217-236, 1983.  



%\bibitem{Tomasi} C. Tomasi and T. Kanade, "Shape and motion from image streams -- a factorization method,"   %\textit{International Journal of Computer Vision}, 9(2):137--154, 1992. 
%\bibitem{Hotel} CMU VASC Image Database: hotel \url{http://vasc.ri.cmu.edu//idb/html/motion/hotel/index.html}
%\bibitem{Seo} Naotoshi Seo, "ENEE731 Project - Shape and motion from image streams: a factorization method," 2006. %\url{http://note.sonots.com/?SciSoftware%2FFactorization}
