@article{phillips1997the,
author = "P. J. Phillips and H. Moon, P. Rauss and S. A. Rizvi",
title = "The feret evaluation methodology for face-recognition algorithms",
journal = "CVPR",
pages = "137--143",
year = 1997
}

@article{SVM,
author = "C. Cortes and V. Vapnik",
title = "Support-vector network",
journal = "Machine Learning",
year = 1995,
pages = "273-297"
}
@BOOK{QP,
author = "Paul A. Jensen and Jonathan F. Bard",
title = "Operations Research Models and Methods",
publisher = "Willey",
year = "2002",
}
@article{Simplex,
author = "Walters, Parker, Morgan and Deming",
title = "Sequential Simplex Optimization. A Technique for Improving Quality and Productivity in Research, Development, and Manufacturing",
publisher = "CRC Press",
year = 1991,
}
@article{Pairwise,
author = "U. Kressel",
title ="Pairwise Classification and Support Vector Machines",
journal = "in Advances in Kernel Methods - Support Vector Learning",
publisher = "MIT Press", 
chapter = 15,
year = 1999,
}
@article{ hsu01comparison,
  author = "C. Hsu and C. Lin",
  title = "A comparison of methods for multi-class support vector machines",
  journal = "Technical report, Department of Computer Science and Information Engineering, National Taiwan University",
  year = "2001",
  note = "\url{citeseer.ist.psu.edu/hsu01comparison.html}"
}
@BOOK{One-against-one,
author = "S. Knerr and L. Personnaz and G. Dreyfus",
title = "NurocoSingle-layer learning revisited: A stepwise procedure for building and training a neural network",
journal = "Nurocomputing: Algorithms, Architectures and Applications",
publisher = "Springer",
year = 1990
}
@article{Maxwins,
author = "J. H. Friedman",
title = "Another approach to polychotomous classification",
journal = "Technical report, Stanford, Department of Statistics",
year = 1996,
}
@article{CMS,
author = "P.J. Phillips and H. Moon and P. Rauss and S.A. Rizvi",
title = "The FERET evalution methodology for face-recognition algorithms",
jounarl = "Proceedings of the First International Conference on Audio and Video-based Biometric Person Authentification",
year = "1997"
}  
@MISC{LIBSVM,
author = "C.-C. Chang and C.-j. Lin.", 
title = "LIBSVM: a library for support vector machines",
note = "\url{http://www.csie.ntu.edu.tw/~cjlin/libsvm}",
year = 2001
}
@Book{DHS,
author = "Richard O. Duda, Peter E. Hart, David G. Stork ",
title = {Patten Classification, Second Edition},
publisher = {Wiley Interscience},
year = {2000},
}
@Book{Bishop,
author = "Christopher M. Bishop",
title = {Pattern Recognition and Machine Learning},
publisher = {Springer},
year = {2006},
}

@article{ORL,
author = "F. Samaria and A. Harter",
title = "Parameterisation of a stochastic model for human face identification",
journal = "2nd IEEE Workshop on Applications of Computer Vision",
year = 1994,
note = "\url{http://www.cl.cam.ac.uk/Research/DTG/attarchive/facedatabase.html}",
}

@article{Fisherface97,
author = "P.N. Belhumeur, J.P. Hespanha, D.J. Kriegman", 
title = "Eigenfaces vs. Fisherfaces: Recognition Using Class Specific Linear Projection", 
journal = "IEEE Transactions on Pattern Analysis and Machine Intelligence", 
volume = "19",
number = "7",
year = "1997", 
pages = "711-720"
}
@article{Eigenface91,
 author = "M. Turk and A. Pentland.", 
 title = "Eigenfaces for Recognition", 
 journal = "Journal of Cognitive Neurosicence",
 volume = 3,
 number = 1,
 year = "1991",
 pages = "71-86",
}
@article{MERL00,
 author = "Baback Moghaddam and Ming-Hsuan Yang.",
 title = "Gender Classification with Support Vector Machines.",
 year = "2000",
 journal = "Proceedings of the 4th IEEE International Conference on Face and Gesture Recognition",
}
@BOOK{wZhao,
  author = "Wenyi Zhao and Rama Chellappa",
  title = "Face Processing: Advanced Modeling and Methods",
  publisher = "Elsevier",
  year = "2006",
}
@BOOK{sLi,
  author = "Stan Z. Li and Anil K. Jain",
  title = "Handbook of Face Recognition",
  publisher = "Springer",
  year = "2004",
}
 @comment{ [1] R. Chellappa, C. Wilson, and S. Sirohey, Human and Machine 
           Recognition of Faces A Survey, Proc. IEEE, vol 83, no 5, pp 
           705-740, 1995  }
@article{chellappa1995human,
 author = "R. Chellappa and C. Wilson and S. Sirohey",
 title = "Human and {Machine} {Recognition} of {Faces}: {A} {Survey}",
 journal = "{Proc.} {IEEE}", 
 volume = 83,
 number = 5,
 pages = "705--740",
 year = 1995
}

 @comment{ [2] A. Samal and P. Iyengar, Automatic Recognition and Analysis of 
           Human Faces and Facial Expressions A Survey, Pattern Recognition, 
           vol 25, pp 65-77, 1992  }
@article{samal1992automatic,
 author = "A. Samal and P. Iyengar",
 title = "Automatic {Recognition} and {Analysis} of {Human} {Faces} and {Facial} {Expressions} {A} {Survey}",
 journal = "{Pattern} {Recognition}", 
 volume = 25,
 pages = "65--77",
 year = 1992
}

 @comment{ [3] A. Shashua, Geometry and Photometry in 3D. Visual 
           Recognition, PhD. thesis, Massachusetts Institute of Technology, 
           1992  }
@article{shashua1992geometry,
 author = "A. Shashua",
 title = "Geometry and Photometry in 3D. Visual Recognition",
 journal = "{PhD} thesis, {Massachusetts} {Institute} of {Technology}",
 year = 1992
}

 @comment{ [4] R. Duda and P. Hart, Pattern Classification and Scene Analysis New 
           York Wiley, 1973  }
@book{duda1973pattern,
 author = "R. Duda and P. Hart",
 title = "Pattern Classification and Scene Analysis",
 publisher = "Wiley",
 year = 1973
}
@book{duda2001pattern,
author = "Richard O. Duda and Peter E. Hart and David G. Stork",
title = "Pattern Classification",
publisher = "Wiley",
year = 2001
}

 @comment{ [5] R. A. Fisher, The Use of Multiple Measures in Taxonomic 
           Problems, Ann. Eugenics, vol 7, pp 179-188, 1936  }
@article{fisher1936the,
 author = "R. A. Fisher",
 title = "The {Use} of {Multiple} {Measures} in {Taxonomic} {Problems}",
 journal = "{Ann}. {Eugenics}",
 volume = "7",
 year = 1936
}

 @comment{ [6] L. Sirovitch and M. Kirby, Low-Dimensional Proc.edure for the 
           Characterization of Human Faces, J. Optical Soc ofAm. A, vol 2, pp 
           519-524, 1987  }
@article{sirovitch1987lowdimensional,
 author = "L. Sirovitch and M. Kirby",
 title = "Low-Dimensional Proc.edure for the Characterization of Human Faces",
 journal = "{J} {Optical} {Soc} {of} {Am}. A",
 volume = "2",
 year = 1987
}

 @comment{ [7] M. Turk and A. Pentland, Eigenfaces for Recognition, J. 
           Cognitive Neuroscience, vol 3, no 1, 1991  }
@article{turk1991eigenfaces,
 author = "M. Turk and A. Pentland",
 title = "Eigenfaces for Recognition", 
 journal = "J. Cognitive Neuroscience",
 volume = 3,
 number = 1,
 year = 1991
}

 @comment{ [8] M. Turk and A. Pentland, Face Recognition Using Eigenfaces, 
           Proc. IEEE. Conf. on Computer Vision and Pattern Recognition, 1991, pp 
           586-591  }
@article{turk1991face,
 author = "M. Turk and A. Pentland",
 title = "Face Recognition Using Eigenfaces",
 journal= "Proc. {IEEE} Conf. on Computer Vision and Pattern Recognition",
 year = 1991,
 pages = "586--591"
}

 @comment{ [9] Y. Moses, Y. Adini, and S. Ullman, Face Recognition The Problem 
           of Compensating for Changes in Illum ination Direction, European 
           Conf. Computer Vision, 1994, PP. 286-296  }
@article{moses1994face,
 author = "Y. Moses and Y. Adini and S. Ullman",
 title = "Face {Recognition} {The} {Problem} of {Compensating} for {Changes} in {Illum} ination {Direction}",
 journal = "{European} {Conf.} {Computer} {Vision}",
 year = 1994,
 pages = "286--296"
}

 @comment{ [10] Y. Cheng, K. Liu, J. Yang, Y. Zhuang, and N. Gu, Human Face 
           Recognition Method Based on the Statistical Model of Small Sample 
           Size, SPIE. Proc. Intelligent Robots and Computer Vision X: A lgorithms and Technology, 1991, pp 85-95  }
@article{cheng1991human,
 author = "Y. Cheng and K. Liu, J. Yang, Y. Zhuang and N. Gu",
 title = "Human {Face} {Recognition} {Method} {Based} on the {Statistical} {Model} of {Small} {Sample} {Size}",
 journal = "{SPIE} {Proc.} {Intelligent} {Robots} and {Computer} {Vision} {X}: {Algorithms} and {Technology}",
 year = 1991,
 pages = "85--95",
}

 @comment{ [11] S. Baker and S. K. Nayar, Pattern Rejection, Proc. IEEE. Conf. 
           Computer Vision and Pattern Recognition, 1996, pp 544-549  }
@article{baker1996pattern,
 author = "S. Baker and S. K. Nayar",
 title = "Pattern Rejection", 
 journal = "Proc. {IEEE} Conf. Computer Vision and Pattern Recognition",
 year = 1996
}

 @comment{ [12] P. N. Belhumeur, J. P. Hespanha, and D. J. Kriegman, Eigenfaces vs 
           Fisherfaces Recognition Usmg Class Specific Linear Projection, 
           European Conf. Computer Vision, 1996, pp 45-58  }
@article{belhumeur1996eigenfaces,
 author = "P. N. Belhumeur and J. P. Hespanha and D. J. Kriegman",
 title = "Eigenfaces vs {Fisherfaces} {Recognition} {Using} {Class} {Specific} {Linear} {Projection}", 
 journal = "{European} {Conf.} {Computer} {Vision}",
 year = 1996,
 pages = "45--58"
}

 @comment{ [13] Y. Cui, D. Swets, and J. Weng, Learning-Based Hand Sign 
           Recognition Using SHOSLIF-M, lntl Conf. on Computer Vision, 1995, 
           pp 631-636  }
@article{cui1995learningbased,
 author = "Y. Cui and D. Swets and J. Weng",
 title = "Learning-Based {Hand} {Sign} {Recognition} {Using} {SHOSLIF}-M", 
 journal = "lnt'l {Conf.} on {Computer} {Vision}",
 year = 1995,
 pages = "631--636"
}

 @comment{ [14] P. Hallinan, A Low-Dimensional Representation ofHuman Faces 
           for Arbitrary Lighting Conditions, Proc. IEEE. Conf. Computer Vision 
           andPattern Recognition, 1994, pp 995-999  }
@article{hallinan1994a,
 author = "P. Hallinan",
 title = "A {Low}-Dimensional {Representation} {ofHuman} {Faces} for {Arbitrary} {Lighting} {Conditions}",
 journal = " {Proc.} {IEEE} {Conf.} {Computer} {Vision} {andPattern} {Recognition}",
 pages = "995-999",
 year = 1994
}

 @comment{ [15] P. Hallinan, A Deformable Model for Face Recognition Under 
           Arbitrary Lighting Conditions, PhD. thesis, Harvard Univ, 1997  }
@article{hallinan1997a,
 author = "P. Hallinan",
 title = "A Deformable Model for Face Recognition Under Arbitrary Lighting Conditions",
 journal = " {PhD} thesis, {Harvard} {Univ}",
 year = 1997
}

 @comment{ [16] A. Pentland, B. Moghaddam, and Starner, View-Based and Modular 
           Eigenspaces for Face Recognition, Proc. IEEE. Conf. Computer Vision 
           and Pattern Recognition, 1994, pp 84-91  }
@article{pentland1994viewbased,
 author = "A. Pentland and B. Moghaddam and Starner",
 title = "View-Based and Modular Eigenspaces for Face Recognition",
 journal = " Proc. {IEEE} Conf. Computer Vision and Pattern Recognition",
 pages= "84-91",
 year = 1994
}

 @comment{ [17] H. Murase and S. Nayar, Visual Learnmg and Recognition of 3-D. 
           Objects from Appearance,'` lnt 7J. Computer Vision, vol 14, pp 5-24, 
           1997  }
@article{murase1997visual,
 author = "H. Murase and S. Nayar",
 title = "Visual {Learnmg} and {Recognition} of 3-{D} {Objects} from {Appearance}, '` lnt 7{J} {Computer} {Vision}, vol 14, pp 5-24",
 year = 1997
}

 @comment{ [18] D. Beymer, Face Recognition Under Varying Pose, Proc. IEEE. 
           Conf. Computer Vision and Pattern Recognition, 1994, pp 756-761  }
@article{beymer1994face,
 author = "D. Beymer",
 title = "Face Recognition Under Varying Pose",
 journal = " Proc. {IEEE} Conf. Computer Vision and Pattern Recognition",
 pages = "756--761",
 year = 1994
}

 @comment{ [19] A. Gee and R. Cipolla, Determming the Gaze of Faces m Images 
            Image and Vision Computing, vol 12, pp 639-648, 1994  }
@article{gee1994determming,
 author = "A. Gee and R. Cipolla",
 title = "Determming the {Gaze} of {Faces} m {Images}  {Image} and {Vision} {Computing}",
 year = 1994,
 pages = "639--648",
 volume = 12
}

 @comment{ [20] A. Lanitis, C. J. Taylor, and T. F. Cootes, A Unified Approach to 
           Coding and Interpreting Face Images, lntl Conf. Computer Vision, 
           1995, pp 368-373  }
@article{lanitis1995a,
 author = "A. Lanitis and C. J. Taylor and T. F. Cootes",
 title = "A {Unified} {Approach} to {Coding} and {Interpreting} {Face} {Images}",  
 journal = "lnt'l {Conf.} {Computer} {Vision}",
 year = 1995,
 pages = "368--373"
}

 @comment{ [21] Q. Chen, H. Wu, and M. Yachida, Face Detection by Fuzzy Pattern 
           Matching, lntl Conf. Computer Vision, 1995, pp 591-596  }
@article{chen1995face,
 author = "Q. Chen and H. Wu and M. Yachida",
 title = "Face {Detection} by {Fuzzy} {Pattern} {Matching}",
 journal = "lnt'l {Conf.} {Computer} {Vision}",
 year = 1995,
 pages = "591--596"
}

 @comment{ [22] I. Craw, D. Tock, and A. Bennet, Find ing Face Features, Proc. 
           European Conf. Computer Vision, 1992, PP. 92-96  }
@article{craw1992find,
 author = "I. Craw and D. Tock and A. Bennet",
 title = "Finding {Face} {Features}",
 journal = "{Proc.} {European} {Conf.} {Computer} {Vision}",
 year = 1992,
 pages = "92--96"
}

 @comment{  [23] T. Leung, M. Burl, and P. Perona, Finding Faces in Cluttered 
           Scenes Using Labeled Random Graph Matching, lntl Conf. Computer 
           Vision, 1995, pp 637-644  }
@article{leung1995finding,
 author = "T. Leung and M. Burl and P. Perona",
 title = "Finding {Faces} in {Cluttered} {Scenes} {Using} {Labeled} {Random} {Graph} {Matching}", 
 journal = "lnt'l {Conf.} {Computer} {Vision}",
 year = 1995,
 pages = "637--644"
}

 @comment{ [24] K. Matsuno, C. W. Lee, S. Kimura, and S. Tsuji, Automatic 
           Recognition of Human Facial Expressions,'' lnt 7 Conf. Computer 
           Vision, 1995, pp 352-359  }
@article{matsuno1995automatic,
 author = "K. Matsuno and C. W. Lee, S. Kimura and S. Tsuji",
 title = "Automatic {Recognition} of {Human} {Facial} {Expressions}",
 journal = "lnt'l {Conf.} {Computer} {Vision}",
 year = 1995,
 pages = "352-359"
}

 @comment{ [25] B. Moghaddam and A. Pentland, Probabilistic Visual Learning for 
           Object Detection, lnt'l Conf. Computer Vision, 1995, pp 786-793  }
@article{moghaddam1995probabilistic,
 author = "B. Moghaddam and A. Pentland",
 title = "Probabilistic {Visual} {Learning} for {Object} {Detection}",
 journal = "lnt'l {Conf.} {Computer} {Vision}",
 year = 1995,
 pages = "786-793"
}

 @comment{ [26] R. Brunelli and T. Poggio, Face Recognition Features vs 
           Templates, IEEE. Trans. Pattern Analysis and Machine Intelligence vol 
           15, no 10, pp 1,042-1,053, Oct 1997  }
@article{brunelli1997face,
 author = "R. Brunelli and T. Poggio",
 title = "Face {Recognition} {Features} vs {Templates}",
 journal = "IEEE. {Trans}. {Pattern} {Analysis} and {Machine} {Intelligence}",
 volume = "15",
 number = 10,
 pages = "1042--1053",
 month = oct,
 year = 1997
}

 @comment{ [27] J. M. Gilbert and W. Yang, A Real-Time Face Recognition System 
           Using Custom VLSI. Hardware, Proc. IEEE. Workshop on Computer Architectures for Machine Perception, 1993, pp 58-66  }
@article{gilbert1993realtime,
 author = "J. M. Gilbert and W. Yang",
 title = "A {Real}-Time {Face} {Recognition} {System} {Using} {Custom} {VLSI} {Hardware}",
 journal = "{Proc.} {IEEE} {Workshop} on {Computer} {Architectures} for {Machine} {Perception}",
 year = 1993, 
 pages = "58-66"
}

 @comment{ [28] BKP. Horn, Computer Vision Cambridge, Mass.: MIT. Press, 1986  }
@article{horn1986,
 author = "BKP. Horn",
 title = "Computer Vision",
 journal = "{MIT} Press",
 year = 1986
}

 @comment{ [29] W. M. Silver, Determining Shape and Reflectance Using Multiple 
           Images, PhD. thesis, Massachusetts Institute of Technology, 1980  }
@article{silver1980phd,
 author = "W. M. Silver and Determining Shape and Reflectance Using Multiple Images",
 title = "PhD. thesis, {Massachusetts} {Institute} of {Technology}",
 year = 1980
}

 @comment{ [30] R. J. Woodham, Analysing Images of Curved Surfaces, Artificial 
           Intelligence, vol 17, pp 117-140, 1981  }
@article{woodham1981analysing,
 author = "R. J. Woodham",
 title = "Analysing Images of Curved Surfaces",
 journal = "Artificial {Intelligence}",
 volume = 17,
 pages = "117-140",
 year = 1981
}

 @comment{ [31] S. Nayar and H. Murase, Dimensionality of Illumination in 
           Appearance Matching, IEEE. Conf. Robotics and Automation, 1996  }
@article{nayar1996dimensionality,
 author = "S. Nayar and H. Murase",
 title = "Dimensionality of {Illumination} in {Appearance} {Matching}",
 journal = "{IEEE} {Conf.} {Robotics} {and} Automation",
 year = 1996
}
@comment{[32] P. N. Belhumeur and D. J. Kriegman, What is the Set of Images of
    an Object under all Possible Lighting Conditions?, IEEE. Proc.
     Conf. Computer Vision and Pattern Recognition, 1996
}
@article{belhumeur1996dimensionality,
 author = "P. N. Belhumeur and D. J. Kriegman",
 title = "What is the Set of Images of an Object under all Possible Lighting Conditions?",
 journal = "IEEE. Proc. Conf. Computer Vision and Pattern Recognition",
 year = 1996
}
