@ARTICLE{sZhou03,
	author = "Zhou, Shaohua AND Krueger, Volker AND Chellappa, Rama",
	title = "Probabilistic recognition of human faces from video",
	journal = "Computer Vision and Image Understanding",
	volume = 91,
	pages = "214-245",
	year = 2003
}

@ARTICLE{sZhou04,
	author = "Zhou, Shaohua Kevin AND Chellappa, Rama AND Moghaddam, Baback",
	title = "Visual Tracking and recognition using appearance-adaptive models in particle filters",
	journal = "IEEE Trans. Image Processing",
	volume = 13,
	number = 11,
	pages = "1491-1506",
	year = "2004"
}
@ARTICLE{bLucas81,
	author = "Lucas, Bruce D. AND Kanade, Takeo",
	title = "An iterative image registration technique with an application to stereo vision",
	journal = "International Joint Conference on Artificial Intelligence",
	pages = "674-679",
	year = 1981
}
@UNPUBLISHED{sBirchfield97,
	author = "Birchfield, Stan",
	title = "Derivation of the {Kanade-Lucas-Tomasi} Tracking Equation",
	year = 1997,
	month = jan,
	note = "Adobe PDF document, 2~pages"
}
@ARTICLE{jShi94,
	author = "Shi, Jianbo AND Tomasi, Carlo",
	title = "Good Features to Track",
	journal = "IEEE Conference on Computer Vision and Pattern Recognition",
	year = 1994
}
@ARTICLE{cTomasi91,
	author = "Tomasi, Carlo AND Kanade, Takeo",
	title = "Visual Tracking and recognition using appearance-adaptive models in particle filters",
	journal = "Technical Report CMU-CS-91-132",
	year = 1991
}
@BOOK{pYoung04,
	author = "Young, Paula AND Lee, Todd AND Long, Paul AND Graening, Jay",
	title = "Finite Mathematics An Applied Approach",
	publisher = "Pearson Addison Wesley",
	address = "Boston",
	year = 2004
}
@ARTICLE{dLowe04,
	author = "Lowe, David G. ",
	title = "Distinctive image features from scale-invariant keypoints",
	journal = "International Journal of Computer Vision",
	volume = 60,
	number = 2,
	pages = "91-110",
	year = 2004
}
@ARTICLE{pBurt83,
	author = "Burt, P. J. AND Adelson, E. H. ",
	title = "The laplacian pyramid as a compact image code",
	journal = "IEEE Transactions on Communications",
	volume = COM-31,
	number = 4,
	pages = "532-540",
	year = 1983
}
@ARTICLE{mBrown03,
	author = "Brown, M. AND Lowe, D. ",
	title = "Recognising Panoramas",
	journal = "In Proceedings of IEEE International Conference on Computer Vision",
	number = 4,
	year = 2003
}
@ARTICLE{hShum97,
	author = "Shum, H. AND Szeliski, R.",
	title = "Panoramic Image Mosaics",
	journal = "Tech. Rep. MSR-TR-97-23, Microsoft Research",
	year = 1997
}

@ARTICLE{pBurtA83,
	author = "Burt, P. J. AND Adelson, E. H.",
	title = "A multiresolution spline with application to image mosaics",
	journal = "ACM Transactions on Graphics",
	volume = 2,
	number = 4,
	pages = "217-236",
	year = 1983
}
@ARTICLE{cTomasi92,
	author = "Tomasi, C. AND Kanade, T. ",
	title = "Shape and motion from image streams -- a factorization method",
	journal = "International Journal of Computer Vision",
	volume = 9,
	number = 2,
	pages = "137-154",
	year = 1992
}


%\bibitem{SIFT}David G. Lowe, "Distinctive image features from scale-invariant keypoints," \textit{International Journal of %Computer Vision,} 60, 2 (2004), pp. 91-110.
%\bibitem{Pyramid} P. J. Burt and E. H. Adelson. "The laplacian pyramid as a compact image code," \textit{IEEE Transactions on %Communications}, COM-31(4):532-540, 1983.

%\bibitem{Panorama} M. Brown and D. Lowe. "Recognising panoramas," \textit{In Proceedings of IEEE International Conference on %Computer Vision}. IEEE Computer Society, 2003. 64
%\bibitem{TechnicalReport} H. Shum and R. Szeliski, "Panoramic Image Mosaics," Tech. Rep. MSR-TR-97-23, Microsoft Research, %1997.
%\bibitem{PyramidMosaic} P. J. Burt and E. H. Adelson. "A multiresolution spline with application to image mosaics," %\textit{ACM Transactions on Graphics}, 2(4):217-236, 1983.  



 %\bibitem{Tomasi} C. Tomasi and T. Kanade, "Shape and motion from image streams -- a factorization method,"   %\textit{International Journal of Computer Vision}, 9(2):137--154, 1992. 
%\bibitem{Hotel} CMU VASC Image Database: hotel \url{http://vasc.ri.cmu.edu//idb/html/motion/hotel/index.html}
%\bibitem{Seo} Naotoshi Seo, "ENEE731 Project - Shape and motion from image streams: a factorization method," 2006. %\url{http://note.sonots.com/?SciSoftware%2FFactorization}
